@other {bk,
    AUTHOR = {Vladimir Batagelj and Matjaž Kaufman},
     TITLE = {Zbirka (deloma) rešenih nalog iz operacijskih raziskav. {D}ruga poskusna izdaja},
      YEAR = {1997},
      NOTE = {\url{http://vlado.fmf.uni-lj.si/vlado/or/ORvaje.pdf}}
}

@book {dpv,
    AUTHOR = {S. Dasgupta and C. H. Papadimitriou and U. V. Vazirani},
     TITLE = {Algorithms},
 PUBLISHER = {McGraw-Hill Education},
      YEAR = {2006},
}

@book {hl,
    AUTHOR = {Hillier, Frederick S. and Lieberman, Gerald J.},
     TITLE = {Introduction to Operations Research. Seventh Edition},
 PUBLISHER = {McGraw-Hill Higher Education},
      YEAR = {2001},
     PAGES = {xx+1214},
}

@book {pp,
    AUTHOR = {Povh, Janez and Pustavrh, Simona},
     TITLE = {Zbirka rešenih nalog iz operacijskih raziskav},
 PUBLISHER = {Visoka šola za upravljanje in poslovanje},
   ADDRESS = {Novo mesto},
      YEAR = {2001},
}

@book {w,
    AUTHOR = {Wayne L. Winston},
     TITLE = {Operations Research: Applications and Algorithms. Fourth\- Edition},
 PUBLISHER = {Thomson Learning},
      YEAR = {2004},
     PAGES = {xvi+1418},
}
